@misc{data_compr1, title={Data Compression}, url={https://www.ics.uci.edu/~dan/pubs/DC-Sec4.html}, journal={Data Compression -- Section 4}, note = {Navštíveno 4.4.2021, \url{https://www.ics.uci.edu/~dan/pubs/DC-Sec4.html}}}
